<?xml version="1.0" encoding="UTF-8"?><collection xmlns="http://www.loc.gov/MARC21/slim"><record><leader>00367nam--2200121-i-4500</leader><controlfield tag="001">000024484</controlfield><controlfield tag="002">20161230</controlfield><controlfield tag="005">20161230201035</controlfield><controlfield tag="008">060222s1000------------r-----000-0-eng-d</controlfield><datafield ind1=" " ind2=" " tag="080"><subfield code="a">778.38</subfield></datafield><datafield ind1=" " ind2=" " tag="245"><subfield code="a">Holografia si aplicatiile sale. orientari, realizari, tendinte in cercetarea stiintifica si ingineria tehnologica</subfield></datafield><datafield ind1=" " ind2=" " tag="260"><subfield code="a">Bucuresti, Inid, 1974, 42p</subfield></datafield><datafield ind1=" " ind2=" " tag="852"><subfield code="a">71573</subfield></datafield></record></collection>